% @article{Ha89,
% Author = {Peter M. Haas},
% Date-Added = {2017-02-06 21:15:57 +0000},
% Date-Modified = {2017-02-06 21:45:06 +0000},
% Journal = {International Organization},
% urldate = {2010-02-03T12:54:00},
% Number = {3},
% Pages = {377-403},
% Publisher = {Peter Haas},
% Read = {0},
% Title = {Do regimes matter? {Epistemic} communities and {Mediterranean} pollution control},
% url = {http://www.jstor.org/stable/2706652},
% Volume = {43},
% Year = {1989}}

@book{BARR_STD,
    Author    = {Michael Barr},
    Title     = {Embedded C Coding Standard},
    Publisher = {Barr Group},
    Year      = {2008},
}

@inproceedings{AIM_HI_LORA_WMN,
    Author    = {Kai-Hsiang, Ke and Qi-Wen, Liang and Guan-Heng, Chen and Guan-Jie, Zeng and Kai-Lin, Cheng and Chia-Min, Su and Jun-Han, Lin and Huang-Chen, Lee},
    Title     = {A LoRa wireless mesh networking module for campus-scale monitoring: demo abstract},
    Year      = {2017},
    URL       = {http://mx.nthu.edu.tw/~huclee/paper/2017%20IPSN%20LORA%20MESH%2020170124.pdf}
}

% https://en.wikibooks.org/wiki/LaTeX/Bibliography_Management#Bibliography_styles


@manual{UBlox8,
    title = {u-blox 8 / u-blox M8 Receiver Description},
    author = "{u-blox}",
    year = {2017},
    month = {10},
    url = {https://www.u-blox.com/sites/default/files/products/documents/u-blox8-M8_ReceiverDescrProtSpec_%28UBX-13003221%29.pdf},
    urldate = {2017-11-27}
}
@misc{Navspark,
Author = "{NavSpark}",
urldate = {2017-11-27},
Title = {NMEA Output Description},
url = {http://navspark.mybigcommerce.com/content/NMEA_Format_v0.1.pdf},
Year = {2014}}
