% @article{Ha89,
% Author = {Peter M. Haas},
% Date-Added = {2017-02-06 21:15:57 +0000},
% Date-Modified = {2017-02-06 21:45:06 +0000},
% Journal = {International Organization},
% urldate = {2010-02-03T12:54:00},
% Number = {3},
% Pages = {377-403},
% Publisher = {Peter Haas},
% Read = {0},
% Title = {Do regimes matter? {Epistemic} communities and {Mediterranean} pollution control},
% url = {http://www.jstor.org/stable/2706652},
% Volume = {43},
% Year = {1989}}

@misc{LRSRV,
    Author  = "{Orne Brocaar}",
    urldate = {2018-03-06},
    Title   = {LoRa Server, open-source LoRaWAN network-server},
    url     = {https://www.loraserver.io/},
    year    = {2018},
}

@inproceedings{AIM_HI_LORA_WMN,
    Author  = {Kai-Hsiang, Ke and Qi-Wen, Liang and Guan-Heng, Chen and Guan-Jie, Zeng and Kai-Lin, Cheng and Chia-Min, Su and Jun-Han, Lin and Huang-Chen, Lee},
    Title   = {A LoRa wireless mesh networking module for campus-scale monitoring: demo abstract},
    Year    = {2017},
    URL     = {http://mx.nthu.edu.tw/~huclee/paper/2017%20IPSN%20LORA%20MESH%2020170124.pdf}
}
