% @article{Ha89,
% Author = {Peter M. Haas},
% Date-Added = {2017-02-06 21:15:57 +0000},
% Date-Modified = {2017-02-06 21:45:06 +0000},
% Journal = {International Organization},
% urldate = {2010-02-03T12:54:00},
% Number = {3},
% Pages = {377-403},
% Publisher = {Peter Haas},
% Read = {0},
% Title = {Do regimes matter? {Epistemic} communities and {Mediterranean} pollution control},
% url = {http://www.jstor.org/stable/2706652},
% Volume = {43},
% Year = {1989}}

@misc{UN_UDHR,
Author = "{United Nations}",
urldate = {2017-11-16},
Publisher = {SiSU},
Title = {United Nations Universal Declaration of Human Rights},
url = {http://www.jus.uio.no/lm/un.universal.declaration.of.human.rights.1948/portrait.a4.pdf},
Year = {1949}}

@misc{KAD_OVER,
Author = "{Kadaster}",
urldate = {2017-11-13},
Title = {Over het Kadaster},
url = {https://www.kadaster.nl/over-het-kadaster},
Year = {2017}}

% https://en.wikibooks.org/wiki/LaTeX/Bibliography_Management#Bibliography_styles
